@article{hsw2009,
  title = {{A Bright Idea for Measuring Economic Growth}},
  author  = {Henderson, J. Vernon and Storeygard, Adam and Weil, David N.},
  journal = {American Economic Review},
  year = {2011}
}

@article{almn2021,
  title={Development research at high geographic resolution: an analysis of night-lights, firms, and poverty in India using the shrug open data platform},
  author={Asher, Sam and Lunt, Tobias and Matsuura, Ryu and Novosad, Paul},
  journal={The World Bank Economic Review},
  volume={35},
  number={4},
  year={2021},
  publisher={Oxford University Press}
}

@article{Li2020ntl,
author = "Xuecao Li and Yuyu Zhou and Min zhao and Xia Zhao",
title = "{Harmonization of DMSP and VIIRS nighttime light data from 1992-2021 at the global scale}",
year = "2020",
month = "1",
url = "https://figshare.com/articles/dataset/Harmonization_of_DMSP_and_VIIRS_nighttime_light_data_from_1992-2018_at_the_global_scale/9828827",
doi = "10.6084/m9.figshare.9828827.v8"
}

@article{van2021pm25,
  title={Monthly global estimates of fine particulate matter and their uncertainty},
  author={Van Donkelaar, Aaron and Hammer, Melanie S and Bindle, Liam and Brauer, Michael and Brook, Jeffery R and Garay, Michael J and Hsu, N Christina and Kalashnikova, Olga V and Kahn, Ralph A and Lee, Colin and others},
  journal={Environmental Science \& Technology},
  volume={55},
  number={22},
  pages={15287--15300},
  year={2021},
  publisher={ACS Publications}
}